<?xml version="1.0" encoding="UTF-8"?><collection xmlns="http://www.loc.gov/MARC21/slim"><record><leader>00433nam--2200145-i-4500</leader><controlfield tag="001">000011170</controlfield><controlfield tag="002">20161230</controlfield><controlfield tag="005">20170105163007</controlfield><controlfield tag="008">060222s1000------------r-----000-0-eng-d</controlfield><datafield ind1=" " ind2=" " tag="245"><subfield code="a">Dictionary of scientific biography</subfield><subfield code="b">Charles Coulston Gillispie, editor in chief</subfield></datafield><datafield ind1=" " ind2=" " tag="260"><subfield code="a">New York</subfield><subfield code="b">Ch.Scribner S Sons</subfield><subfield code="c">1970-1972</subfield></datafield><datafield ind1=" " ind2=" " tag="490"><subfield code="a">XII+624 p</subfield></datafield><datafield ind1=" " ind2=" " tag="700"><subfield code="a">Berg, L. S</subfield></datafield><datafield ind1=" " ind2=" " tag="852"><subfield code="a">929(038)=20:801.323.1=20</subfield></datafield><datafield ind1=" " ind2=" " tag="CAT"><subfield code="a">SYS</subfield><subfield code="c">20170105</subfield><subfield code="h">163007</subfield></datafield></record></collection>